% BibTex
@ARTICLE{8718630,
    author={Akram, Ayaz and Sawalha, Lina},
    journal={IEEE Access}, 
    title={A Survey of Computer Architecture Simulation Techniques and Tools}, 
    year={2019},
    volume={7},
    number={},
    pages={78120-78145},
    doi={10.1109/ACCESS.2019.2917698}
}

@misc{arm-big.little-whitepaper,
  author       = {ARM Inc.},
  howpublished = {ONLINE},
  title        = {"big. LITTLE technology: The future of mobile", White Paper},
  year         = {2013},
  url          = {https://www.arm.com/},
}

@misc{linux-stress-testing,
  author       = {Arch Linux Wiki},
  howpublished = {ONLINE},
  title        = {Stress testing},
  month        = {Aug},
  year         = {2023},
  url          = {https://wiki.archlinux.org/title/Stress\_testing},
}
